<?xml version="1.0" encoding="UTF-8"?><collection xmlns="http://www.loc.gov/MARC21/slim"><record><leader>00474nam--2200133-i-4500</leader><controlfield tag="001">000040833</controlfield><controlfield tag="002">20161230</controlfield><controlfield tag="005">20161230201042</controlfield><controlfield tag="008">060222s1000------------r-----000-0-eng-d</controlfield><datafield ind1=" " ind2=" " tag="080"><subfield code="a">616-073.75:621.039.84</subfield></datafield><datafield ind1=" " ind2=" " tag="100"><subfield code="a">Schleef, Brigitte</subfield></datafield><datafield ind1=" " ind2=" " tag="245"><subfield code="a">Zum aussagewert der gamma-szintigraphie und der angiographie in der hirntumordiagnostik-vergleichende untersuchungen an 66 patienten. these</subfield></datafield><datafield ind1=" " ind2=" " tag="260"><subfield code="a">Munchen, Medizinischen Klinik Der Univ.Munchen, 1971, 106p</subfield></datafield><datafield ind1=" " ind2=" " tag="852"><subfield code="a">39018</subfield></datafield></record></collection>